@article{GVGAI2014,
  title={The 2014 general video game playing competition},
  author={Perez-Liebana, Diego and Samothrakis, Spyridon and Togelius, Julian and Schaul, Tom and Lucas, Simon M and Cou{\"e}toux, Adrien and Lee, Jerry and Lim, Chong-U and Thompson, Tommy},
  journal={IEEE Transactions on Computational Intelligence and AI in Games},
  volume={8},
  number={3},
  pages={229--243},
  year={2016},
  publisher={IEEE}
}
