@article{deepBlue,
  title={Deep blue},
  author={Campbell, Murray and Hoane, A Joseph and Hsu, Feng-hsiung},
  journal={Artificial intelligence},
  volume={134},
  number={1-2},
  pages={57--83},
  year={2002},
  publisher={Elsevier}
}

@article{GVGAIGYM,
  title={Deep Reinforcement Learning for General Video Game AI},
  author={Torrado, Ruben Rodriguez and Bontrager, Philip and Togelius, Julian and Liu, Jialin and Perez-Liebana, Diego},
  journal={arXiv preprint arXiv:1806.02448},
  year={2018}
}

@MISC{BreifHistoryComputing,
    author = {Jake Copeland},
    title = {A Brief History of Computing},
    month = jun,
    year = {2000},
    howpublished = {\url{http://www.alanturing.net/turing_archive/pages/Reference%20Articles/BriefHistofComp.html#MUC}}
}
